@Article{Ranjan2022,
author={Pranay Ranjan and Snehraj Gaur and Himanshu Yadav and Ajay B. Urgunde and Vikas Singh and Avit Patel and Kusum Vishwakarma and Deepak Kalirawana and Ritu Gupta and Prashant Kumar},
title={2D materials: increscent quantum flatland with immense potential for applications},
journal={Nano Convergence},
year={2022},
month={Jun},
day={06},
volume={9},
number={1},
pages={26},
issn={2196-5404},
doi={10.1186/s40580-022-00317-7},
url={https://doi.org/10.1186/s40580-022-00317-7}
}

@article{Zhang2021,
title = {Moiré pattern at graphene/Al (111) interface: Experiment and simulation},
journal = {Materials & Design},
volume = {201},
pages = {109509},
year = {2021},
issn = {0264-1275},
doi = {https://doi.org/10.1016/j.matdes.2021.109509},
url = {https://www.sciencedirect.com/science/article/pii/S0264127521000629},
author = {Shuang Zhang and Dongjun He and Ping Huang and Fei Wang},
keywords = {Graphene/Al (111) interface, Large moiré pattern periodicity, Interface interaction, Molecular dynamics simulation}
}

@article{Hiroki2022,
author = {Hiroki Ago and Susumu Okada and Yasumitsu Miyata and Kazunari Matsuda and Mikito Koshino and Kosei Ueno and Kosuke Nagashio},
title = {Science of 2.5 dimensional materials: paradigm shift of materials science toward future social innovation},
journal = {Science and Technology of Advanced Materials},
volume = {23},
number = {1},
pages = {275-299},
year  = {2022},
publisher = {Taylor & Francis},
doi = {10.1080/14686996.2022.2062576},
URL = {https://doi.org/10.1080/14686996.2022.2062576},
eprint = { https://doi.org/10.1080/14686996.2022.2062576}
}

@article{https://doi.org/10.1002/adma.202201916,
author = {Yang Shen and Zuoyuan Dong and Yabin Sun and Hao Guo and Fan Wu and Xianglong Li and Jun Tang and Jun Liu and Xing Wu and He Tian and Tian-Ling Ren},
title = {The trend of 2D transistors toward integrated circuits: Scaling down and new mechanisms},
journal = {Advanced Materials},
volume = {n/a},
number = {n/a},
pages = {2201916},
keywords = {2D semiconductor, device engineering, new mechanisms, physical models, scaling down, very large-scale integration (VLSI)},
doi = {https://doi.org/10.1002/adma.202201916},
url = {https://onlinelibrary.wiley.com/doi/abs/10.1002/adma.202201916},
eprint = {https://onlinelibrary.wiley.com/doi/pdf/10.1002/adma.202201916}
}


@article{Tobius2022,
author = {Tobias Hartl and Daniel Herrmann and Moritz Will and Yannic Falke and Alexander Grüneis and Thomas Michely and Pantelis Bampoulis},
title = {Silicon Cluster Arrays on the Monolayer of Hexagonal Boron Nitride on Ir(111)},
journal = {The Journal of Physical Chemistry C},
volume = {126},
number = {15},
pages = {6809-6814},
year = {2022},
doi = {10.1021/acs.jpcc.2c00694},
URL = {https://doi.org/10.1021/acs.jpcc.2c00694},
eprint = {https://doi.org/10.1021/acs.jpcc.2c00694}
}


@misc{https://doi.org/10.48550/arxiv.2204.01813,
  doi = {10.48550/ARXIV.2204.01813},
  url = {https://arxiv.org/abs/2204.01813},
  author = { Y. Galvão Gobato and C. Serati de Brito and Andrey Chaves and M. A. Prosnikov and T. Woźniak and Shi Guo and Ingrid D. Barcelos and M. V. Milošević and F. Withers and P. C. M. Christianen},
  keywords = {Mesoscale and Nanoscale Physics (cond-mat.mes-hall), FOS: Physical sciences, FOS: Physical sciences},
  title = {Distinctive g-factor of moire-confined excitons in van der Waals heterostructures},
  publisher = {arXiv},
  year = {2022},
  copyright = {arXiv.org perpetual, non-exclusive license}
}


@article{PhysRevB.101.235408,
  title = {Exciton $g$ factors of van der Waals heterostructures from first-principles calculations},
  author = {Wo\ifmmode \acute{z}\else \'{z}\fi{}niak, Tomasz and Faria Junior, Paulo E. and Seifert, Gotthard and Chaves, Andrey and Kunstmann, Jens},
  journal = {Phys. Rev. B},
  volume = {101},
  issue = {23},
  pages = {235408},
  numpages = {11},
  year = {2020},
  month = {Jun},
  publisher = {American Physical Society},
  doi = {10.1103/PhysRevB.101.235408},
  url = {https://link.aps.org/doi/10.1103/PhysRevB.101.235408}
}

@article{PhysRevB.103.L041406,
  title = {Key role of the moir\'e potential for the quasicondensation of interlayer excitons in van der Waals heterostructures},
  author = {Lagoin, Camille and Dubin, Fran\ifmmode \mbox{\c{c}}\else \c{c}\fi{}ois},
  journal = {Phys. Rev. B},
  volume = {103},
  issue = {4},
  pages = {L041406},
  numpages = {6},
  year = {2021},
  month = {Jan},
  publisher = {American Physical Society},
  doi = {10.1103/PhysRevB.103.L041406},
  url = {https://link.aps.org/doi/10.1103/PhysRevB.103.L041406}
}

﻿@Article{Seyler2019,
author={Seyler, Kyle L. and Rivera, Pasqual and Yu, Hongyi and Wilson, Nathan P. and Ray, Essance L. and Mandrus, David G. and Yan, Jiaqiang and Yao, Wang and Xu, Xiaodong},
title={Signatures of moir{\'e}-trapped valley excitons in MoSe2/WSe2 heterobilayers},
journal={Nature},
year={2019},
month={Mar},
day={01},
volume={567},
number={7746},
pages={66-70},
issn={1476-4687},
doi={10.1038/s41586-019-0957-1},
url={https://doi.org/10.1038/s41586-019-0957-1}
}

@Article{Jin2019,
author={Jin, Chenha and Regan, Emma C. and Yan, Aiming and Iqbal Bakti Utama, M. and Wang, Danqing and Zhao, Sihan and Qin, Ying and Yang, Sijie and Zheng, Zhiren and Shi, Shenyang and Watanabe, Kenji and Taniguchi, Takashi and Tongay, Sefaattin and Zettl, Alex and Wang, Feng},
title={Observation of moir{\'e} excitons in WSe2/WS2 heterostructure superlattices},
journal={Nature},
year={2019},
month={Mar},
day={01},
volume={567},
number={7746},
pages={76-80},
issn={1476-4687},
doi={10.1038/s41586-019-0976-y},
url={https://doi.org/10.1038/s41586-019-0976-y}
}

@article{https://doi.org/10.1002/adma.201605096,
author = {Chen, Po-Yen and Liu, Muchun and Wang, Zhongying and Hurt, Robert H. and Wong, Ian Y.},
title = {From Flatland to Spaceland: Higher Dimensional Patterning with Two-Dimensional Materials},
journal = {Advanced Materials},
volume = {29},
number = {23},
pages = {1605096},
keywords = {2D materials, 3D printing, hierarchical structure, mechanical deformation, origami and kirigami, self-assembly},
doi = {https://doi.org/10.1002/adma.201605096},
url = {https://onlinelibrary.wiley.com/doi/abs/10.1002/adma.201605096},
eprint = {https://onlinelibrary.wiley.com/doi/pdf/10.1002/adma.201605096},
year = {2017}
}


@article{Lohmann00,
author = {Adolf W. Lohmann and Avi Pe'er and Dayong Wang and Asher A. Friesem},
journal = {J. Opt. Soc. Am. A},
keywords = {Paraxial wave optics ; Analog optical image processing; Image formation theory; Information processing; Diffraction theory; Doppler effect; Fourier optics; Nonlinear optics; Photons; Spatial frequency; Wave optics},
number = {10},
pages = {1755--1762},
publisher = {Optica Publishing Group},
title = {Flatland optics: fundamentals},
volume = {17},
month = {Oct},
year = {2000},
url = {http://opg.optica.org/josaa/abstract.cfm?URI=josaa-17-10-1755},
doi = {10.1364/JOSAA.17.001755}
}

﻿@Article{Marcellina2021,
author={Marcellina, Elizabeth and Liu, Xue and Hu, Zehua and Fieramosca, Antonio and Huang, Yuqing and Du, Wei and Liu, Sheng and Zhao, Jiaxin and Watanabe, Kenji and Taniguchi, Takashi and Xiong, Qihua},
title={Evidence for Moir{\'e} Trions in Twisted MoSe2 Homobilayers},
journal={Nano Letters},
year={2021},
month={May},
day={26},
publisher={American Chemical Society},
volume={21},
number={10},
pages={4461-4468},
issn={1530-6984},
doi={10.1021/acs.nanolett.1c01207},
url={https://doi.org/10.1021/acs.nanolett.1c01207}
}


﻿@Article{Alexeev2019,
author={Alexeev, Evgeny M. and Ruiz-Tijerina, David A. and Danovich, Mark and Hamer, Matthew J. and Terry, Daniel J. and Nayak, Pramoda K. and Ahn, Seongjoon and Pak, Sangyeon and Lee, Juwon and Sohn, Jung Inn and Molas, Maciej R. and Koperski, Maciej and Watanabe, Kenji and Taniguchi, Takashi and Novoselov, Kostya S. and Gorbachev, Roman V. and Shin, Hyeon Suk and Fal'ko, Vladimir I. and Tartakovskii, Alexander I.},
title={Resonantly hybridized excitons in moir{\'e} superlattices in van der Waals heterostructures},
journal={Nature},
year={2019},
month={Mar},
day={01},
volume={567},
number={7746},
pages={81-86},
issn={1476-4687},
doi={10.1038/s41586-019-0986-9},
url={https://doi.org/10.1038/s41586-019-0986-9}
}


﻿@Article{Tran2019,
author={Tran, Kha and Moody, Galan and Wu, Fengcheng and Lu, Xiaobo and Choi, Junho and Kim, Kyounghwan and Rai, Amritesh and Sanchez, Daniel A. and Quan, Jiamin and Singh, Akshay and Embley, Jacob and Zepeda, Andr{\'e} and Campbell, Marshall and Autry, Travis and Taniguchi, Takashi and Watanabe, Kenji and Lu, Nanshu and Banerjee, Sanjay K. and Silverman, Kevin L. and Kim, Suenne and Tutuc, Emanuel and Yang, Li and MacDonald, Allan H. and Li, Xiaoqin},
title={Evidence for moir{\'e} excitons in van der Waals heterostructures},
journal={Nature},
year={2019},
month={Mar},
day={01},
volume={567},
number={7746},
pages={71-75},
issn={1476-4687},
doi={10.1038/s41586-019-0975-z},
url={https://doi.org/10.1038/s41586-019-0975-z}
}

@Article{D2CP01712A,
author ="Vishwakarma, Kavita and Rani, Shivani and Chahal, Sumit and Lu, Chia-Yen and Ray, Soumya Jyoti and Yang, Chan-Shan and Kumar, Prashant",
title  ="Quantum-coupled borophene-based heterolayers for excitonic and molecular sensing applications",
journal  ="Phys. Chem. Chem. Phys.",
year  ="2022",
volume  ="24",
issue  ="21",
pages  ="12816-12826",
publisher  ="The Royal Society of Chemistry",
doi  ="10.1039/D2CP01712A",
url  ="http://dx.doi.org/10.1039/D2CP01712A",
}

misc{https://doi.org/10.48550/arxiv.2205.04606,
  doi = {10.48550/ARXIV.2205.04606},
  url = {https://arxiv.org/abs/2205.04606},
  author = {Zhou, Qunfei and Kotiuga, Michele and Darancet, Pierre},
  keywords = {Materials Science (cond-mat.mtrl-sci), FOS: Physical sciences, FOS: Physical sciences},
  title = {Analytical Theory of Near-Field Electrostatic Effects in Two-Dimensional Materials and van der Waals Heterojunctions}, 
  publisher = {arXiv},  
  year = {2022},
  copyright = {arXiv.org perpetual, non-exclusive license}
}

@article{https://doi.org/10.1002/adma.202200956,
author = {Lyu, Bosai and Chen, Jiajun and Lou, Shuo and Li, Can and Qiu, Lu and Ouyang, Wengen and Xie, Jingxu and Mitchell, Izaac and Wu, Tongyao and Deng, Aolin and Hu, Cheng and Zhou, Xianliang and Shen, Peiyue and Ma, Saiqun and Wu, Zhenghan and Watanabe, Kenji and Taniguchi, Takashi and Wang, Xiaoqun and Liang, Qi and Jia, Jinfeng and Urbakh, Michael and Hod, Oded and Ding, Feng and Wang, Shiyong and Shi, Zhiwen},
title = {Catalytic Growth of Ultralong Graphene Nanoribbons on Insulating Substrates},
journal = {Advanced Materials},
volume = {n/a},
number = {n/a},
pages = {2200956},
keywords = {carbon nanotubes, catalytic growth, graphene nanoribbons, hexagonal boron nitride, moiré superlattices, superlubricity},
doi = {https://doi.org/10.1002/adma.202200956},
url = {https://onlinelibrary.wiley.com/doi/abs/10.1002/adma.202200956},
eprint = {https://onlinelibrary.wiley.com/doi/pdf/10.1002/adma.202200956}
}


@article{PhysRevLett.128.226101,
  title = {Dual-Scale Stick-Slip Friction on \text{Graphene}/h\text{\ensuremath{-}\mathrm{BN}} Moir\'e Superlattice Structure},
  author = {Zhang, Shuai and Yao, Quanzhou and Chen, Lingxiu and Jiang, Chengxin and Ma, Tianbao and Wang, Haomin and Feng, Xi-Qiao and Li, Qunyang},
  journal = {Phys. Rev. Lett.},
  volume = {128},
  issue = {22},
  pages = {226101},
  numpages = {6},
  year = {2022},
  month = {Jun},
  publisher = {American Physical Society},
  doi = {10.1103/PhysRevLett.128.226101},
  url = {https://link.aps.org/doi/10.1103/PhysRevLett.128.226101}
}


@article{Attig_2021,
	doi = {10.1088/2053-1583/ac1cf0},
	url = {https://doi.org/10.1088/2053-1583/ac1cf0},
	year = 2021,
	month = {sep},
	publisher = {{IOP} Publishing},
	volume = {8},
	number = {4},
	pages = {044007},
	author = {Jan Attig and Jinhong Park and Michael M Scherer and Simon Trebst and Alexander Altland and Achim Rosch},
	title = {Universal principles of moir{\'{e}} band structures},
	journal = {2D Materials},
	}

@article{
doi:10.1126/science.abi7296,
author = {Evgeny Y. Tsymbal },
title = {Two-dimensional ferroelectricity by design},
journal = {Science},
volume = {372},
number = {6549},
pages = {1389-1390},
year = {2021},
doi = {10.1126/science.abi7296},
URL = {https://www.science.org/doi/abs/10.1126/science.abi7296},
eprint = {https://www.science.org/doi/pdf/10.1126/science.abi7296},
}

﻿@Article{Thureja2022,
author={Thureja, Deepankur and Imamoglu, Atac and Smole{\'{n}}ski, Tomasz and Amelio, Ivan and Popert, Alexander and Chervy, Thibault and Lu, Xiaobo and Liu, Song and Barmak, Katayun and Watanabe, Kenji and Taniguchi, Takashi and Norris, David J. and Kroner, Martin and Murthy, Puneet A.},
title={Electrically tunable quantum confinement of neutral excitons},
journal={Nature},
year={2022},
month={Jun},
day={01},
volume={606},
number={7913},
pages={298-304},
issn={1476-4687},
doi={10.1038/s41586-022-04634-z},
url={https://doi.org/10.1038/s41586-022-04634-z}
}

﻿@Article{Wilson2021,
author={Wilson, Nathan P. and Yao, Wang and Shan, Jie and Xu, Xiaodong},
title={Excitons and emergent quantum phenomena in stacked 2D semiconductors},
journal={Nature},
year={2021},
month={Nov},
day={01},
volume={599},
number={7885},
pages={383-392},
issn={1476-4687},
doi={10.1038/s41586-021-03979-1},
url={https://doi.org/10.1038/s41586-021-03979-1}
}

@article{https://doi.org/10.1002/adma.201201792,
author = {Song, Li and Liu, Zheng and Reddy, Arava Leela Mohana and Narayanan, Narayanan Tharangattu and Taha-Tijerina, Jaime and Peng, Juan and Gao, Guanhui and Lou, Jun and Vajtai, Robert and Ajayan, Pulickel M.},
title = {Binary and Ternary Atomic Layers Built from Carbon, Boron, and Nitrogen},
journal = {Advanced Materials},
volume = {24},
number = {36},
pages = {4878-4895},
keywords = {atomic layers, graphene, hexagonal boron nitride, chemical vapor deposition, 2D materials},
doi = {https://doi.org/10.1002/adma.201201792},
url = {https://onlinelibrary.wiley.com/doi/abs/10.1002/adma.201201792},
eprint = {https://onlinelibrary.wiley.com/doi/pdf/10.1002/adma.201201792},
year = {2012}
}

@Article{Carr2020,
author={Carr, Stephen
and Fang, Shiang
and Kaxiras, Efthimios},
title={Electronic-structure methods for twisted moir{\'e} layers},
journal={Nature Reviews Materials},
year={2020},
month={Oct},
day={01},
volume={5},
number={10},
pages={748-763},
issn={2058-8437},
doi={10.1038/s41578-020-0214-0},
url={https://doi.org/10.1038/s41578-020-0214-0}
}

@misc{https://doi.org/10.48550/arxiv.2204.12059,
  doi = {10.48550/ARXIV.2204.12059}, 
  url = {https://arxiv.org/abs/2204.12059},
  author = {Li, Yuhao and Xue, Minmin and Fan, Hua and Gao, Cun-Fa and Shi, Yan and Liu, Yang and Watanabe, K. and Taniguchi, T. and Zhao, Yue and Wu, Fengcheng and Wang, Xinran and Shi, Yi and Guo, Wanlin and Zhang, Zhuhua and Fei, Zaiyao and Li, Jiangyu},
  keywords = {Mesoscale and Nanoscale Physics (cond-mat.mes-hall), Materials Science (cond-mat.mtrl-sci), FOS: Physical sciences, FOS: Physical sciences}, 
  title = {Symmetry breaking and anomalous conductivity in a double moiré superlattice},
  publisher = {arXiv},
  year = {2022},
  copyright = {Creative Commons Attribution 4.0 International}
}


@article{doi:10.1021/acsnano.1c11018,
author = {Jin, Zhitong and Ji, Zijie and Zhong, Yunlei and Jin, Yunmin and Hu, Xianyu and Zhang, Xingxing and Zhu, Lijing and Huang, Xianhui and Li, Tao and Cai, Xinghan and Zhou, Lin},
title = {Controlled Synthesis of a Two-Dimensional Non-van der Waals Ferromagnet toward a Magnetic Moiré Superlattice},
journal = {ACS Nano},
volume = {16},
number = {5},
pages = {7572-7579},
year = {2022},
doi = {10.1021/acsnano.1c11018},
note ={PMID: 35443128},
URL = {https://doi.org/10.1021/acsnano.1c11018},
eprint = {https://doi.org/10.1021/acsnano.1c11018}
}

@Article{Jung2015,
author={Jung, Jeil and DaSilva, Ashley M. and MacDonald, Allan H. and Adam, Shaffique},
title={Origin of band gaps in graphene on hexagonal boron nitride},
journal={Nature Communications},
year={2015},
month={Feb},
day={19},
volume={6},
number={1},
pages={6308},
issn={2041-1723},
doi={10.1038/ncomms7308},
url={https://doi.org/10.1038/ncomms7308}
}


@Article{cryst9100519,
AUTHOR = {Aragón, José L. and Naumis, Gerardo G. and Gómez-Rodríguez, Alfredo},
TITLE = {Twisted Graphene Bilayers and Quasicrystals: A Cut and Projection Approach},
JOURNAL = {Crystals},
VOLUME = {9},
YEAR = {2019},
NUMBER = {10},
ARTICLE-NUMBER = {519},
URL = {https://www.mdpi.com/2073-4352/9/10/519},
ISSN = {2073-4352},
DOI = {10.3390/cryst9100519}
}

@article{
doi:10.1126/science.aar8412,
author = {Sung Joon Ahn  and Pilkyung Moon  and Tae-Hoon Kim  and Hyun-Woo Kim  and Ha-Chul Shin  and Eun Hye Kim  and Hyun Woo Cha  and Se-Jong Kahng  and Philip Kim  and Mikito Koshino  and Young-Woo Son  and Cheol-Woong Yang  and Joung Real Ahn },
title = {Dirac electrons in a dodecagonal graphene quasicrystal},
journal = {Science},
volume = {361},
number = {6404},
pages = {782-786},
year = {2018},
doi = {10.1126/science.aar8412},
URL = {https://www.science.org/doi/abs/10.1126/science.aar8412},
eprint = {https://www.science.org/doi/pdf/10.1126/science.aar8412}}

﻿@Article{Crosse2021,
author={Crosse, J. A.
and Moon, Pilkyung},
title={Trigonal quasicrystalline states in {\$}{\$}30^{\backslash}circ{\$}{\$}rotated double moir{\'e} superlattices},
journal={Scientific Reports},
year={2021},
month={Jun},
day={02},
volume={11},
number={1},
pages={11548},
issn={2045-2322},
doi={10.1038/s41598-021-91044-2},
url={https://doi.org/10.1038/s41598-021-91044-2}
}


@article{
doi:10.1073/pnas.1720865115,
author = {Wei Yao  and Eryin Wang  and Changhua Bao  and Yiou Zhang  and Kenan Zhang  and Kejie Bao  and Chun Kai Chan  and Chaoyu Chen  and Jose Avila  and Maria C. Asensio  and Junyi Zhu  and Shuyun Zhou },
title = {Quasicrystalline 30\&\#xb0; twisted bilayer graphene as an incommensurate superlattice with strong interlayer coupling},
journal = {Proceedings of the National Academy of Sciences},
volume = {115},
number = {27},
pages = {6928-6933},
year = {2018},
doi = {10.1073/pnas.1720865115},
URL = {https://www.pnas.org/doi/abs/10.1073/pnas.1720865115},
eprint = {https://www.pnas.org/doi/pdf/10.1073/pnas.1720865115}}

﻿@Article{Sun2021,
author={Sun, Xingdan and Zhang, Shihao and Liu, Zhiyong and Zhu, Honglei and Huang, Jinqiang and Yuan, Kai and Wang, Zhenhua and Watanabe, Kenji and Taniguchi, Takashi and Li, Xiaoxi and Zhu, Mengjian and Mao, Jinhai and Yang, Teng and Kang, Jun and Liu, Jianpeng and Ye, Yu and Han, Zheng Vitto and Zhang, Zhidong},
title={Correlated states in doubly-aligned hBN/graphene/hBN heterostructures},
journal={Nature Communications},
year={2021},
month={Dec},
day={10},
volume={12},
number={1},
pages={7196},
issn={2041-1723},
doi={10.1038/s41467-021-27514-y},
url={https://doi.org/10.1038/s41467-021-27514-y}
}

@Article{Moore2021,
author={Moore, S. L. and Ciccarino, C. J. and Halbertal, D. and McGilly, L. J. and Finney, N. R. and Yao, K. and Shao, Y. and Ni, G. and Sternbach, A. and Telford, E. J. and Kim, B. S. and Rossi, S. E. and Watanabe, K. and Taniguchi, T. and Pasupathy, A. N. and Dean, C. R. and Hone, J. and Schuck, P. J. and Narang, P. and Basov, D. N.},
title={Nanoscale lattice dynamics in hexagonal boron nitride moir{\'e} superlattices},
journal={Nature Communications},
year={2021},
month={Sep},
day={30},
volume={12},
number={1},
pages={5741},
issn={2041-1723},
doi={10.1038/s41467-021-26072-7},
url={https://doi.org/10.1038/s41467-021-26072-7}
}

@article{PhysRevB.104.085147,
  title = {Magnetic ordering tendencies in hexagonal-boron-nitride--bilayer-graphene moir\'e structures},
  author = {Spethmann, Maria and Honerkamp, Carsten and Kennes, Dante M.},
  journal = {Phys. Rev. B},
  volume = {104},
  issue = {8},
  pages = {085147},
  numpages = {7},
  year = {2021},
  month = {Aug},
  publisher = {American Physical Society},
  doi = {10.1103/PhysRevB.104.085147},
  url = {https://link.aps.org/doi/10.1103/PhysRevB.104.085147}
}


@article{doi:10.1021/acs.nanolett.8b01223,
author = {Summerfield, Alex and Kozikov, Aleksey and Cheng, Tin S. and Davies, Andrew and Cho, Yong-Jin and Khlobystov, Andrei N. and Mellor, Christopher J. and Foxon, C. Thomas and Watanabe, Kenji and Taniguchi, Takashi and Eaves, Laurence and Novoselov, Kostya S. and Novikov, Sergei V. and Beton, Peter H.},
title = {Moiré-Modulated Conductance of Hexagonal Boron Nitride Tunnel Barriers},
journal = {Nano Letters},
volume = {18},
number = {7},
pages = {4241-4246},
year = {2018},
doi = {10.1021/acs.nanolett.8b01223},
note ={PMID: 29913062},
URL = {https://doi.org/10.1021/acs.nanolett.8b01223},
eprint = {https://doi.org/10.1021/acs.nanolett.8b01223}
}

@article{doi:10.1021/acs.nanolett.8b05061,
author = {Wang, Lujun and Zihlmann, Simon and Liu, Ming-Hao and Makk, Péter and Watanabe, Kenji and Taniguchi, Takashi and Baumgartner, Andreas and Schönenberger, Christian},
title = {New Generation of Moiré Superlattices in Doubly Aligned hBN/Graphene/hBN Heterostructures},
journal = {Nano Letters},
volume = {19},
number = {4},
pages = {2371-2376},
year = {2019},
doi = {10.1021/acs.nanolett.8b05061},
note ={PMID: 30803238},
URL = {https://doi.org/10.1021/acs.nanolett.8b05061},
eprint = {https://doi.org/10.1021/acs.nanolett.8b05061}
}


@article{Ye_2015,
	doi = {10.1088/0957-4484/26/16/165701},
	url = {https://doi.org/10.1088/0957-4484/26/16/165701},
	year = 2015,
	month = {mar},
	publisher = {{IOP} Publishing},
	volume = {26},
	number = {16},
	pages = {165701},
	author = {Zhijiang Ye and Alberto Otero-de-la-Roza and Erin R Johnson and Ashlie Martini},
	title = {Oscillatory motion in layered materials: graphene, boron nitride, and molybdenum disulfide},
	journal = {Nanotechnology}
}

@article{doi:10.1063/5.0084996,
author = {Seo,Yuta  and Masubuchi,Satoru  and Onodera,Momoko  and Moriya,Rai  and Zhang,Yijin  and Watanabe,Kenji  and Taniguchi,Takashi  and Machida,Tomoki },
title = {Defect-assisted tunneling spectroscopy of electronic band structure in twisted bilayer graphene/hexagonal boron nitride moiré superlattices},
journal = {Applied Physics Letters},
volume = {120},
number = {20},
pages = {203103},
year = {2022},
doi = {10.1063/5.0084996},
URL = {https://doi.org/10.1063/5.0084996},
eprint = {https://doi.org/10.1063/5.0084996}
}

@Article{Mandelli2017,
author={Mandelli, D.
and Leven, I.
and Hod, O.
and Urbakh, M.},
title={Sliding friction of graphene/hexagonal --boron nitride heterojunctions: a route to robust superlubricity},
journal={Scientific Reports},
year={2017},
month={Sep},
day={07},
volume={7},
number={1},
pages={10851},
issn={2045-2322},
doi={10.1038/s41598-017-10522-8},
url={https://doi.org/10.1038/s41598-017-10522-8}
}

@Article{Leven2013,
author={Leven, Itai and Krepel, Dana and Shemesh, Ortal and Hod, Oded},
title={Robust Superlubricity in Graphene/h-BN Heterojunctions},
journal={The Journal of Physical Chemistry Letters},
year={2013},
month={Jan},
day={03},
publisher={American Chemical Society},
volume={4},
number={1},
pages={115-120},
doi={10.1021/jz301758c},
url={https://doi.org/10.1021/jz301758c}
}

@article{doi:10.1063/5.0023984,
author = {Necio,Tomasz  and Birowska,Magdalena },
title = {Supercell-core software: A useful tool to generate an optimal supercell for vertically stacked nanomaterials},
journal = {AIP Advances},
volume = {10},
number = {10},
pages = {105105},
year = {2020},
doi = {10.1063/5.0023984},
URL = {https://doi.org/10.1063/5.0023984},
eprint = {https://doi.org/10.1063/5.0023984}
}

@article{https://doi.org/10.1002/adma.202004974,
author = {Cai, Le and Yu, Gui},
title = {Fabrication Strategies of Twisted Bilayer Graphenes and Their Unique Properties},
journal = {Advanced Materials},
volume = {33},
number = {13},
pages = {2004974},
keywords = {ferromagnetic state, folding monolayer graphene, Moiré superlattice, topological physical properties, twisted bilayer graphene},
doi = {https://doi.org/10.1002/adma.202004974},
url = {https://onlinelibrary.wiley.com/doi/abs/10.1002/adma.202004974},
eprint = {https://onlinelibrary.wiley.com/doi/pdf/10.1002/adma.202004974},
year = {2021}
}


﻿@Article{Regan2020,
author={Regan, Emma C. and Wang, Danqing and Jin, Chenhao and Bakti Utama, M. Iqbal and Gao, Beini and Wei, Xin and Zhao, Sihan and Zhao, Wenyu and Zhang, Zuocheng and Yumigeta, Kentaro and Blei, Mark and Carlstr{\"o}m, Johan D. and Watanabe, Kenji and Taniguchi, Takashi and Tongay, Sefaattin and Crommie, Michael and Zettl, Alex and Wang, Feng},
title={Mott and generalized Wigner crystal states in WSe2/WS2 moir{\'e} superlattices},
journal={Nature},
year={2020},
month={Mar},
day={01},
volume={579},
number={7799},
pages={359-363},
issn={1476-4687},
doi={10.1038/s41586-020-2092-4},
url={https://doi.org/10.1038/s41586-020-2092-4}
}


﻿@Article{Cao2018,
author={Cao, Yuan and Fatemi, Valla and Demir, Ahmet and Fang, Shiang and Tomarken, Spencer L. and Luo, Jason Y. and Sanchez-Yamagishi, Javier D. and Watanabe, Kenji and Taniguchi, Takashi and Kaxiras, Efthimios and Ashoori, Ray C. and Jarillo-Herrero, Pablo},
title={Correlated insulator behaviour at half-filling in magic-angle graphene superlattices},
journal={Nature},
year={2018},
month={Apr},
day={01},
volume={556},
number={7699},
pages={80-84},
abstract={When the two graphene sheets in a van der Waals heterostructure are twisted relative to each other by a specific amount, Mott-like insulating phases are observed at half-filling.},
issn={1476-4687},
doi={10.1038/nature26154},
url={https://doi.org/10.1038/nature26154}
}

@article{
doi:10.1073/pnas.2115703118,
author = {Menghao Wu  and Ju Li },
title = {Sliding ferroelectricity in 2D van der Waals materials: Related physics and future opportunities},
journal = {Proceedings of the National Academy of Sciences},
volume = {118},
number = {50},
pages = {e2115703118},
year = {2021},
doi = {10.1073/pnas.2115703118},
URL = {https://www.pnas.org/doi/abs/10.1073/pnas.2115703118},
eprint = {https://www.pnas.org/doi/pdf/10.1073/pnas.2115703118}
}

@Article{Wilson2021,
author={Wilson, Nathan P. and Yao, Wang and Shan, Jie and Xu, Xiaodong},
title={Excitons and emergent quantum phenomena in stacked 2D semiconductors},
journal={Nature},
year={2021},
month={Nov},
day={01},
volume={599},
number={7885},
pages={383-392},
issn={1476-4687},
doi={10.1038/s41586-021-03979-1},
url={https://doi.org/10.1038/s41586-021-03979-1}
}

﻿@Article{Ferreira2021,
author={Ferreira, F{\'a}bio
and Enaldiev, Vladimir V.
and Fal'ko, Vladimir I.
and Magorrian, Samuel J.},
title={Weak ferroelectric charge transfer in layer-asymmetric bilayers of 2D semiconductors},
journal={Scientific Reports},
year={2021},
month={Jun},
day={28},
volume={11},
number={1},
pages={13422},
issn={2045-2322},
doi={10.1038/s41598-021-92710-1},
url={https://doi.org/10.1038/s41598-021-92710-1}
}

@article{doi:10.1021/acsnano.1c09789,
author = {Halbertal, Dorri and Shabani, Sara and Passupathy, Abhay N. and Basov, D. N.},
title = {Extracting the Strain Matrix and Twist Angle from the Moiré Superlattice in van der Waals Heterostructures},
journal = {ACS Nano},
volume = {16},
number = {1},
pages = {1471-1476},
year = {2022},
doi = {10.1021/acsnano.1c09789},
note ={PMID: 34982529},
URL = {https://doi.org/10.1021/acsnano.1c09789},
eprint = {https://doi.org/10.1021/acsnano.1c09789}
}

@article{MenabdeHeidenCoxMortensenJang+2022+2433+2452,
author = {Sergey G. Menabde and Jacob T. Heiden and Joel D. Cox and N. Asger Mortensen and Min Seok Jang},
doi = {doi:10.1515/nanoph-2021-0693},
url = {https://doi.org/10.1515/nanoph-2021-0693},
title = {Image polaritons in van der Waals crystals},
journal = {Nanophotonics},
number = {11},
volume = {11},
year = {2022},
pages = {2433--2452},
lastchecked = {2022-06-13}
}

@article{doi:10.1021/acs.nanolett.1c04197,
author = {Blundo, Elena and Surrente, Alessandro and Spirito, Davide and Pettinari, Giorgio and Yildirim, Tanju and Chavarin, Carlos Alvarado and Baldassarre, Leonetta and Felici, Marco and Polimeni, Antonio},
title = {Vibrational Properties in Highly Strained Hexagonal Boron Nitride Bubbles},
journal = {Nano Letters},
volume = {22},
number = {4},
pages = {1525-1533},
year = {2022},
doi = {10.1021/acs.nanolett.1c04197},
note ={PMID: 35107287},
URL = {https://doi.org/10.1021/acs.nanolett.1c04197},
eprint = {https://doi.org/10.1021/acs.nanolett.1c04197}
}

@Article{Behura2021,
author={Behura, Sanjay K. and Miranda, Alexis and Nayak, Sasmita and Johnson, Kayleigh and Das, Priyanka and Pradhan, Nihar R.},
title={Moir{\'e} physics in twisted van der Waals heterostructures of 2D materials},
journal={Emergent Materials},
year={2021},
month={Aug},
day={01},
volume={4},
number={4},
pages={813-826},
issn={2522-574X},
doi={10.1007/s42247-021-00270-x},
url={https://doi.org/10.1007/s42247-021-00270-x}
}

@article{PhysRevB.104.045304,
  title = {Thermoelectric response as a tool to observe electrocaloric effect in a thin conducting ferroelectric SnSe flake},
  author = {Orlova, N. N. and Timonina, A. V. and Kolesnikov, N. N. and Deviatov, E. V.},
  journal = {Phys. Rev. B},
  volume = {104},
  issue = {4},
  pages = {045304},
  numpages = {5},
  year = {2021},
  month = {Jul},
  publisher = {American Physical Society},
  doi = {10.1103/PhysRevB.104.045304},
  url = {https://link.aps.org/doi/10.1103/PhysRevB.104.045304}
}


@Article{Miao2021,
author={Miao, Feng
and Liang, Shi-Jun
and Cheng, Bin},
title={Straintronics with van der Waals materials},
journal={npj Quantum Materials},
year={2021},
month={Jun},
day={17},
volume={6},
number={1},
pages={59},
issn={2397-4648},
doi={10.1038/s41535-021-00360-3},
url={https://doi.org/10.1038/s41535-021-00360-3}
}

@article{doi:10.1021/acs.nanolett.1c01684,
author = {Xian, Lede and Fischer, Ammon and Claassen, Martin and Zhang, Jin and Rubio, Angel and Kennes, Dante M.},
title = {Engineering Three-Dimensional Moiré Flat Bands},
journal = {Nano Letters},
volume = {21},
number = {18},
pages = {7519-7526},
year = {2021},
doi = {10.1021/acs.nanolett.1c01684},
note ={PMID: 34516114},
URL = {https://doi.org/10.1021/acs.nanolett.1c01684},
eprint = {https://doi.org/10.1021/acs.nanolett.1c01684}
}

﻿@Article{delaBarrera2021,
author={de la Barrera, Sergio C. and Cao, Qingrui and Gao, Yang and Gao, Yuan and Bheemarasetty, Vineetha S. and Yan, Jiaqiang and Mandrus, David G. and Zhu, Wenguang and Xiao, Di and Hunt, Benjamin M.},
title={Direct measurement of ferroelectric polarization in a tunable semimetal},
journal={Nature Communications},
year={2021},
month={Sep},
day={06},
volume={12},
number={1},
pages={5298},
issn={2041-1723},
doi={10.1038/s41467-021-25587-3},
url={https://doi.org/10.1038/s41467-021-25587-3}
}

@article{PhysRevLett.105.046801,
  title = {Stacking and Registry Effects in Layered Materials: The Case of Hexagonal Boron Nitride},
  author = {Marom, Noa and Bernstein, Jonathan and Garel, Jonathan and Tkatchenko, Alexandre and Joselevich, Ernesto and Kronik, Leeor and Hod, Oded},
  journal = {Phys. Rev. Lett.},
  volume = {105},
  issue = {4},
  pages = {046801},
  numpages = {4},
  year = {2010},
  month = {Jul},
  publisher = {American Physical Society},
  doi = {10.1103/PhysRevLett.105.046801},
  url = {https://link.aps.org/doi/10.1103/PhysRevLett.105.046801}
}

@article{https://doi.org/10.1002/cphc.201300259,
author = {Hod, Oded},
title = {The Registry Index: A Quantitative Measure of Materials′ Interfacial Commensurability},
journal = {ChemPhysChem},
volume = {14},
number = {11},
pages = {2376-2391},
keywords = {friction, interfaces, layered materials, molecular modeling, superlubricity},
doi = {https://doi.org/10.1002/cphc.201300259},
url = {https://chemistry-europe.onlinelibrary.wiley.com/doi/abs/10.1002/cphc.201300259},
eprint = {https://chemistry-europe.onlinelibrary.wiley.com/doi/pdf/10.1002/cphc.201300259},
year = {2013}
}


@article{doi:10.1021/acs.jpclett.1c04202,
author = {Cao, Wei and Hod, Oded and Urbakh, Michael},
title = {Interlayer Registry Index of Layered Transition Metal Dichalcogenides},
journal = {The Journal of Physical Chemistry Letters},
volume = {13},
number = {15},
pages = {3353-3359},
year = {2022},
doi = {10.1021/acs.jpclett.1c04202},
note ={PMID: 35394797},
URL = {https://doi.org/10.1021/acs.jpclett.1c04202},
eprint = {https://doi.org/10.1021/acs.jpclett.1c04202}
}

@article{
doi:10.1126/science.abe8177,
author = {M. Vizner Stern  and Y. Waschitz  and W. Cao  and I. Nevo  and K. Watanabe  and T. Taniguchi  and E. Sela  and M. Urbakh  and O. Hod  and M. Ben Shalom },
title = {Interfacial ferroelectricity by van der Waals sliding},
journal = {Science},
volume = {372},
number = {6549},
pages = {1462-1466},
year = {2021},
doi = {10.1126/science.abe8177},
URL = {https://www.science.org/doi/abs/10.1126/science.abe8177},
eprint = {https://www.science.org/doi/pdf/10.1126/science.abe8177}
}

@article{
doi:10.1126/science.abd3230,
author = {Kenji Yasuda  and Xirui Wang  and Kenji Watanabe  and Takashi Taniguchi  and Pablo Jarillo-Herrero },
title = {Stacking-engineered ferroelectricity in bilayer boron nitride},
journal = {Science},
volume = {372},
number = {6549},
pages = {1458-1462},
year = {2021},
doi = {10.1126/science.abd3230},
URL = {https://www.science.org/doi/abs/10.1126/science.abd3230},
eprint = {https://www.science.org/doi/pdf/10.1126/science.abd3230}
}

@Article{Woods2021,
author={Woods, C. R. and Ares, P. and Nevison-Andrews, H. and Holwill, M. J. and Fabregas, R. and Guinea, F. and Geim, A. K. and Novoselov, K. S. and Walet, N. R. and Fumagalli, L.},
title={Charge-polarized interfacial superlattices in marginally twisted hexagonal boron nitride},
journal={Nature Communications},
year={2021},
month={Jan},
day={12},
volume={12},
number={1},
pages={347},
issn={2041-1723},
doi={10.1038/s41467-020-20667-2},
url={https://doi.org/10.1038/s41467-020-20667-2}
}

@Article{Moore2021,
author={Moore, S. L. and Ciccarino, C. J. and Halbertal, D. and McGilly, L. J. and Finney, N. R. and Yao, K. and Shao, Y. and Ni, G. and Sternbach, A. and Telford, E. J. and Kim, B. S. and Rossi, S. E. and Watanabe, K. and Taniguchi, T. and Pasupathy, A. N. and Dean, C. R. and Hone, J. and Schuck, P. J. and Narang, P. and Basov, D. N.},
title={Nanoscale lattice dynamics in hexagonal boron nitride moir{\'e} superlattices},
journal={Nature Communications},
year={2021},
month={Sep},
day={30},
volume={12},
number={1},
pages={5741},
issn={2041-1723},
doi={10.1038/s41467-021-26072-7},
url={https://doi.org/10.1038/s41467-021-26072-7}
}

@Article{Ouyang2018,
author={Ouyang, Wengen and Mandelli, Davide and Urbakh, Michael and Hod, Oded},
title={Nanoserpents: Graphene Nanoribbon Motion on Two-Dimensional Hexagonal Materials},
journal={Nano Letters},
year={2018},
month={Sep},
day={12},
publisher={American Chemical Society},
volume={18},
number={9},
pages={6009-6016},
issn={1530-6984},
doi={10.1021/acs.nanolett.8b02848},
url={https://doi.org/10.1021/acs.nanolett.8b02848}
}


@article{doi:10.1021/acs.jpcc.7b07091,
author = {Maaravi, Tal and Leven, Itai and Azuri, Ido and Kronik, Leeor and Hod, Oded},
title = {Interlayer Potential for Homogeneous Graphene and Hexagonal Boron Nitride Systems: Reparametrization for Many-Body Dispersion Effects},
journal = {The Journal of Physical Chemistry C},
volume = {121},
number = {41},
pages = {22826-22835},
year = {2017},
doi = {10.1021/acs.jpcc.7b07091},
URL = {https://doi.org/10.1021/acs.jpcc.7b07091},
eprint = {https://doi.org/10.1021/acs.jpcc.7b07091}
}

@article{doi:10.1063/5.0028079,
author = {Xue,Fei  and He,Jr-Hau  and Zhang,Xixiang },
title = {Emerging van der Waals ferroelectrics: Unique properties and novel devices},
journal = {Applied Physics Reviews},
volume = {8},
number = {2},
pages = {021316},
year = {2021},
doi = {10.1063/5.0028079},
URL = {https://doi.org/10.1063/5.0028079},
eprint = {https://doi.org/10.1063/5.0028079}
}

@Article{Wang2022,
author={Wang, Xirui and Yasuda, Kenji and Zhang, Yang and Liu, Song and Watanabe, Kenji and Taniguchi, Takashi and Hone, James and Fu, Liang and Jarillo-Herrero, Pablo},
title={Interfacial ferroelectricity in rhombohedral-stacked bilayer transition metal dichalcogenides},
journal={Nature Nanotechnology},
year={2022},
month={Apr},
day={01},
volume={17},
number={4},
pages={367-371},
issn={1748-3395},
doi={10.1038/s41565-021-01059-z},
url={https://doi.org/10.1038/s41565-021-01059-z}
}


@Article{Bistritzer2011,
author={Bistritzer, Rafi
and MacDonald, Allan H.},
title={Moir{\&}{\#}xe9; bands in twisted double-layer graphene},
journal={Proceedings of the National Academy of Sciences of the United States of America},
year={2011},
month={2022/06/13/},
publisher={National Academy of Sciences},
volume={108},
number={30},
pages={12233-12237},
note={Full publication date: July 26, 2011},
issn={00278424},
url={http://www.jstor.org/stable/27978985}
}

@article{
doi:10.1126/science.aaz9146,
author = {Takatoshi Akamatsu  and Toshiya Ideue  and Ling Zhou  and Yu Dong  and Sota Kitamura  and Mao Yoshii  and Dongyang Yang  and Masaru Onga  and Yuji Nakagawa  and Kenji Watanabe  and Takashi Taniguchi  and Joseph Laurienzo  and Junwei Huang  and Ziliang Ye  and Takahiro Morimoto  and Hongtao Yuan  and Yoshihiro Iwasa },
title = {A van der Waals interface that creates in-plane polarization and a spontaneous photovoltaic effect},
journal = {Science},
volume = {372},
number = {6537},
pages = {68-72},
year = {2021},
doi = {10.1126/science.aaz9146},
URL = {https://www.science.org/doi/abs/10.1126/science.aaz9146},
eprint = {https://www.science.org/doi/pdf/10.1126/science.aaz9146}
}


@article{doi:10.1021/acs.jpcc.8b10392,
author = {Naik, Mit H. and Maity, Indrajit and Maiti, Prabal K. and Jain, Manish},
title = {Kolmogorov–Crespi Potential For Multilayer Transition-Metal Dichalcogenides: Capturing Structural Transformations in Moiré Superlattices},
journal = {The Journal of Physical Chemistry C},
volume = {123},
number = {15},
pages = {9770-9778},
year = {2019},
doi = {10.1021/acs.jpcc.8b10392},
URL = {https://doi.org/10.1021/acs.jpcc.8b10392},
eprint = {https://doi.org/10.1021/acs.jpcc.8b10392}
}


@article{PhysRevB.84.035440,
  title = {Moir\'e butterflies in twisted bilayer graphene},
  author = {Bistritzer, R. and MacDonald, A. H.},
  journal = {Phys. Rev. B},
  volume = {84},
  issue = {3},
  pages = {035440},
  numpages = {4},
  year = {2011},
  month = {Jul},
  publisher = {American Physical Society},
  doi = {10.1103/PhysRevB.84.035440},
  url = {https://link.aps.org/doi/10.1103/PhysRevB.84.035440}
}


@article{RevModPhys.81.109,
  title = {The electronic properties of graphene},
  author = {Castro Neto, A. H. and Guinea, F. and Peres, N. M. R. and Novoselov, K. S. and Geim, A. K.},
  journal = {Rev. Mod. Phys.},
  volume = {81},
  issue = {1},
  pages = {109--162},
  numpages = {0},
  year = {2009},
  month = {Jan},
  publisher = {American Physical Society},
  doi = {10.1103/RevModPhys.81.109},
  url = {https://link.aps.org/doi/10.1103/RevModPhys.81.109}
}


@Article{D0EE01370F,
author ="Sulas-Kern, Dana B. and Miller, Elisa M. and Blackburn, Jeffrey L.",
title  ="Photoinduced charge transfer in transition metal dichalcogenide heterojunctions – towards next generation energy technologies",
journal  ="Energy Environ. Sci.",
year  ="2020",
volume  ="13",
issue  ="9",
pages  ="2684-2740",
publisher  ="The Royal Society of Chemistry",
doi  ="10.1039/D0EE01370F",
url  ="http://dx.doi.org/10.1039/D0EE01370F"
}


@article{
doi:10.1126/sciadv.abe8691,
author = {Kaiyuan Yao  and Nathan R. Finney  and Jin Zhang  and Samuel L. Moore  and Lede Xian  and Nicolas Tancogne-Dejean  and Fang Liu  and Jenny Ardelean  and Xinyi Xu  and Dorri Halbertal  and K. Watanabe  and T. Taniguchi  and Hector Ochoa  and Ana Asenjo-Garcia  and Xiaoyang Zhu  and D. N. Basov  and Angel Rubio  and Cory R. Dean  and James Hone  and P. James Schuck },
title = {Enhanced tunable second harmonic generation from twistable interfaces and vertical superlattices in boron nitride homostructures},
journal = {Science Advances},
volume = {7},
number = {10},
pages = {eabe8691},
year = {2021},
doi = {10.1126/sciadv.abe8691},
URL = {https://www.science.org/doi/abs/10.1126/sciadv.abe8691},
eprint = {https://www.science.org/doi/pdf/10.1126/sciadv.abe8691}
}


@article{PhysRevLett.122.016401,
  title = {Gate-Tunable Topological Flat Bands in Trilayer Graphene Boron-Nitride Moir\'e Superlattices},
  author = {Chittari, Bheema Lingam and Chen, Guorui and Zhang, Yuanbo and Wang, Feng and Jung, Jeil},
  journal = {Phys. Rev. Lett.},
  volume = {122},
  issue = {1},
  pages = {016401},
  numpages = {6},
  year = {2019},
  month = {Jan},
  publisher = {American Physical Society},
  doi = {10.1103/PhysRevLett.122.016401},
  url = {https://link.aps.org/doi/10.1103/PhysRevLett.122.016401}
}


﻿@Article{Chen2019,
author={Chen, Guorui and Jiang, Lili and Wu, Shuang and Lyu, Bosai and Li, Hongyuan and Chittari, Bheema Lingam and Watanabe, Kenji and Taniguchi, Takashi and Shi, Zhiwen and Jung, Jeil and Zhang, Yuanbo and Wang, Feng},
title={Evidence of a gate-tunable Mott insulator in a trilayer graphene moir{\'e} superlattice},
journal={Nature Physics},
year={2019},
month={Mar},
day={01},
volume={15},
number={3},
pages={237-241},
issn={1745-2481},
doi={10.1038/s41567-018-0387-2},
url={https://doi.org/10.1038/s41567-018-0387-2}
}

@Article{Chen2019,
author={Chen, Guorui and Sharpe, Aaron L. and Gallagher, Patrick and Rosen, Ilan T. and Fox, Eli J. and Jiang, Lili and Lyu, Bosai and Li, Hongyuan and Watanabe, Kenji and Taniguchi, Takashi and Jung, Jeil and Shi, Zhiwen and Goldhaber-Gordon, David and Zhang, Yuanbo and Wang, Feng},
title={Signatures of tunable superconductivity in a trilayer graphene moir{\'e} superlattice},
journal={Nature},
year={2019},
month={Aug},
day={01},
volume={572},
number={7768},
pages={215-219},
issn={1476-4687},
doi={10.1038/s41586-019-1393-y},
url={https://doi.org/10.1038/s41586-019-1393-y}
}

﻿@Article{Wang2020,
author={Wang, Lei and Shih, En-Min and Ghiotto, Augusto and Xian, Lede and Rhodes, Daniel A. and Tan, Cheng and Claassen, Martin and Kennes, Dante M. and Bai, Yusong and Kim, Bumho and Watanabe, Kenji and Taniguchi, Takashi and Zhu, Xiaoyang and Hone, James and Rubio, Angel and Pasupathy, Abhay N. and Dean, Cory R.},
title={Correlated electronic phases in twisted bilayer transition metal dichalcogenides},
journal={Nature Materials},
year={2020},
month={Aug},
day={01},
volume={19},
number={8},
pages={861-866},
issn={1476-4660},
doi={10.1038/s41563-020-0708-6},
url={https://doi.org/10.1038/s41563-020-0708-6}
}


@article{PhysRevLett.121.266401,
  title = {Ultraflatbands and Shear Solitons in Moir\'e Patterns of Twisted Bilayer Transition Metal Dichalcogenides},
  author = {Naik, Mit H. and Jain, Manish},
  journal = {Phys. Rev. Lett.},
  volume = {121},
  issue = {26},
  pages = {266401},
  numpages = {6},
  year = {2018},
  month = {Dec},
  publisher = {American Physical Society},
  doi = {10.1103/PhysRevLett.121.266401},
  url = {https://link.aps.org/doi/10.1103/PhysRevLett.121.266401}
}


@article{PhysRevB.100.075416,
  title = {Moir\'e phonons in twisted bilayer graphene},
  author = {Koshino, Mikito and Son, Young-Woo},
  journal = {Phys. Rev. B},
  volume = {100},
  issue = {7},
  pages = {075416},
  numpages = {10},
  year = {2019},
  month = {Aug},
  publisher = {American Physical Society},
  doi = {10.1103/PhysRevB.100.075416},
  url = {https://link.aps.org/doi/10.1103/PhysRevB.100.075416}
}


@article{PhysRevX.8.031087,
  title = {Maximally Localized Wannier Orbitals and the Extended Hubbard Model for Twisted Bilayer Graphene},
  author = {Koshino, Mikito and Yuan, Noah F. Q. and Koretsune, Takashi and Ochi, Masayuki and Kuroki, Kazuhiko and Fu, Liang},
  journal = {Phys. Rev. X},
  volume = {8},
  issue = {3},
  pages = {031087},
  numpages = {12},
  year = {2018},
  month = {Sep},
  publisher = {American Physical Society},
  doi = {10.1103/PhysRevX.8.031087},
  url = {https://link.aps.org/doi/10.1103/PhysRevX.8.031087}
}

@article{PhysRevLett.123.216803,
  title = {Higher-Order Topological Insulator in Twisted Bilayer Graphene},
  author = {Park, Moon Jip and Kim, Youngkuk and Cho, Gil Young and Lee, SungBin},
  journal = {Phys. Rev. Lett.},
  volume = {123},
  issue = {21},
  pages = {216803},
  numpages = {6},
  year = {2019},
  month = {Nov},
  publisher = {American Physical Society},
  doi = {10.1103/PhysRevLett.123.216803},
  url = {https://link.aps.org/doi/10.1103/PhysRevLett.123.216803}
}


@article{PhysRevB.98.241412,
  title = {Strong electron-phonon coupling, electron-hole asymmetry, and nonadiabaticity in magic-angle twisted bilayer graphene},
  author = {Choi, Young Woo and Choi, Hyoung Joon},
  journal = {Phys. Rev. B},
  volume = {98},
  issue = {24},
  pages = {241412},
  numpages = {6},
  year = {2018},
  month = {Dec},
  publisher = {American Physical Society},
  doi = {10.1103/PhysRevB.98.241412},
  url = {https://link.aps.org/doi/10.1103/PhysRevB.98.241412}
}


@article{
doi:10.1126/science.aat6981,
author = {Rebeca Ribeiro-Palau  and Changjian Zhang  and Kenji Watanabe  and Takashi Taniguchi  and James Hone  and Cory R. Dean },
title = {Twistable electronics with dynamically rotatable heterostructures},
journal = {Science},
volume = {361},
number = {6403},
pages = {690-693},
year = {2018},
doi = {10.1126/science.aat6981},
URL = {https://www.science.org/doi/abs/10.1126/science.aat6981},
eprint = {https://www.science.org/doi/pdf/10.1126/science.aat6981}
}

﻿@Article{Masubuchi2018,
author={Masubuchi, Satoru and Morimoto, Masataka and Morikawa, Sei and Onodera, Momoko and Asakawa, Yuta and Watanabe, Kenji and Taniguchi, Takashi and Machida, Tomoki},
title={Autonomous robotic searching and assembly of two-dimensional crystals to build van der Waals superlattices},
journal={Nature Communications},
year={2018},
month={Apr},
day={12},
volume={9},
number={1},
pages={1413},
issn={2041-1723},
doi={10.1038/s41467-018-03723-w},
url={https://doi.org/10.1038/s41467-018-03723-w}
}


﻿@Article{Uri2020,
author={Uri, A. and Grover, S. and Cao, Y. and Crosse, J.   A. and Bagani, K. and Rodan-Legrain, D. and Myasoedov, Y. and Watanabe, K. and Taniguchi, T. and Moon, P. and Koshino, M. and Jarillo-Herrero, P. and Zeldov, E.},
title={Mapping the twist-angle disorder and Landau levels in magic-angle graphene},
journal={Nature},
year={2020},
month={May},
day={01},
volume={581},
number={7806},
pages={47-52},
issn={1476-4687},
doi={10.1038/s41586-020-2255-3},
url={https://doi.org/10.1038/s41586-020-2255-3}
}

@article{PhysRevLett.121.026402,
  title = {Hubbard Model Physics in Transition Metal Dichalcogenide Moir\'e Bands},
  author = {Wu, Fengcheng and Lovorn, Timothy and Tutuc, Emanuel and MacDonald, A. H.},
  journal = {Phys. Rev. Lett.},
  volume = {121},
  issue = {2},
  pages = {026402},
  numpages = {5},
  year = {2018},
  month = {Jul},
  publisher = {American Physical Society},
  doi = {10.1103/PhysRevLett.121.026402},
  url = {https://link.aps.org/doi/10.1103/PhysRevLett.121.026402}
}


@article{Dong-Hong Xu:67403,
author = {Dong-Hong Xu and Yi-Cong Yu and Xing-Jie Han and Xi Chen and Kang Wang and Ming-Pu Qin and Hai-Jun Liao and Tao Xiang},
title = {Phase Diagram of the BCS–Hubbard Model in a Magnetic Field},
publisher = {Chin. Phys. Lett.},
year = {2022},
journal = {Chinese Physics Letters},
volume = {39},
number = {6},
eid = {067403},
pages = {067403},
keywords = {},
url = {http://cpl.iphy.ac.cn/EN/abstract/article_116135.shtml},
doi = {10.1088/0256-307X/39/6/067403}
}    


@article{Shen_2021,
	doi = {10.1088/0256-307x/38/3/037501},
	url = {https://doi.org/10.1088/0256-307x/38/3/037501},
	year = 2021,
	month = {mar},
	publisher = {{IOP} Publishing},
	volume = {38},
	number = {3},
	pages = {037501},
	author = {Yu-Hao Shen and Wen-Yi Tong and He Hu and Jun-Ding Zheng and Chun-Gang Duan},
	title = {Exotic Dielectric Behaviors Induced by Pseudo-Spin Texture in Magnetic Twisted Bilayer},
	journal = {Chinese Physics Letters}
}

﻿@Article{Kennes2021,
author={Kennes, Dante M. and Claassen, Martin and Xian, Lede and Georges, Antoine and Millis, Andrew J. and Hone, James and Dean, Cory R. and Basov, D. N. and Pasupathy, Abhay N. and Rubio, Angel},
title={Moir{\'e} heterostructures as a condensed-matter quantum simulator},
journal={Nature Physics},
year={2021},
month={Feb},
day={01},
volume={17},
number={2},
pages={155-163}
issn={1745-2481},
doi={10.1038/s41567-020-01154-3},
url={https://doi.org/10.1038/s41567-020-01154-3}
}

@article{
doi:10.1126/science.abc4284,
author = {Yuzhou Zhao  and Chenyu Zhang  and Daniel D. Kohler  and Jason M. Scheeler  and John C. Wright  and Paul M. Voyles  and Song Jin },
title = {Supertwisted spirals of layered materials enabled by growth on non-Euclidean surfaces},
journal = {Science},
volume = {370},
number = {6515},
pages = {442-445},
year = {2020},
doi = {10.1126/science.abc4284},
URL = {https://www.science.org/doi/abs/10.1126/science.abc4284},
eprint = {https://www.science.org/doi/pdf/10.1126/science.abc4284}
}


@Article{Yin2017,
author={Yin, Long-Jing	and Bai, Ke-Ke	and Wang, Wen-Xiao and Li, Si-Yu and Zhang, Yu and He, Lin},
title={Landau quantization of Dirac fermions in graphene and its multilayers},
journal={Frontiers of Physics},
year={2017},
month={Apr},
day={01},
volume={12},
number={4},
pages={127208},
issn={2095-0470},
doi={10.1007/s11467-017-0655-0},
url={https://doi.org/10.1007/s11467-017-0655-0}
}

@article{PhysRevX.9.041010,
  title = {Valley Jahn-Teller Effect in Twisted Bilayer Graphene},
  author = {Angeli, M. and Tosatti, E. and Fabrizio, M.},
  journal = {Phys. Rev. X},
  volume = {9},
  issue = {4},
  pages = {041010},
  numpages = {17},
  year = {2019},
  month = {Oct},
  publisher = {American Physical Society},
  doi = {10.1103/PhysRevX.9.041010},
  url = {https://link.aps.org/doi/10.1103/PhysRevX.9.041010}
}


@article{doi:10.1021/acscentsci.1c00599,
author = {Sinha, Mekhola and Vivanco, Hector K. and Wan, Cheng and Siegler, Maxime A. and Stewart, Veronica J. and Pogue, Elizabeth A. and Pressley, Lucas A. and Berry, Tanya and Wang, Ziqian and Johnson, Isaac and Chen, Mingwei and Tran, Thao T. and Phelan, W. Adam and McQueen, Tyrel M.},
title = {Twisting of 2D Kagomé Sheets in Layered Intermetallics},
journal = {ACS Central Science},
volume = {7},
number = {8},
pages = {1381-1390},
year = {2021},
doi = {10.1021/acscentsci.1c00599},
URL = {https://doi.org/10.1021/acscentsci.1c00599},
eprint = {https://doi.org/10.1021/acscentsci.1c00599}
}


@article{Giustino_2020,
	doi = {10.1088/2515-7639/abb74e},
	url = {https://doi.org/10.1088/2515-7639/abb74e},
	year = 2020,
	month = {oct},
	publisher = {{IOP} Publishing},
	volume = {3},
	number = {4},
	pages = {042006},
	author = {Feliciano Giustino and Jin Hong Lee and Felix Trier and Manuel Bibes and Stephen M Winter and Roser Valent{\'{\i}} and Young-Woo Son and Louis Taillefer and Christoph Heil and Adriana I Figueroa and Bernard Pla{\c{c}}ais and QuanSheng Wu and Oleg V Yazyev and Erik P A M Bakkers and Jesper Nyg{\aa}rd and Pol Forn-D{\'{\i}}az and Silvano De Franceschi and J W McIver and L E F Foa Torres and Tony Low and Anshuman Kumar and Regina Galceran and Sergio O Valenzuela and Marius V Costache and Aur{\'{e}}lien Manchon and Eun-Ah Kim and Gabriel R Schleder and Adalberto Fazzio and Stephan Roche},
	title = {The 2021 quantum materials roadmap},
	journal = {Journal of Physics: Materials}
}


﻿@Article{Ouyang2020,
author={Ouyang, Wengen and Azuri, Ido and Mandelli, Davide and Tkatchenko, Alexandre and Kronik, Leeor and Urbakh, Michael and Hod, Oded},
title={Mechanical and Tribological Properties of Layered Materials under High Pressure: Assessing the Importance of Many-Body Dispersion Effects},
journal={Journal of Chemical Theory and Computation},
year={2020},
month={Jan},
day={14},
publisher={American Chemical Society},
volume={16},
number={1},
pages={666-676},
issn={1549-9618},
doi={10.1021/acs.jctc.9b00908},
url={https://doi.org/10.1021/acs.jctc.9b00908}
}


@article{PhysRevLett.114.096101,
  title = {Sliding Mechanisms in Multilayered Hexagonal Boron Nitride and Graphene: The Effects of Directionality, Thickness, and Sliding Constraints},
  author = {Gao, Wang and Tkatchenko, Alexandre},
  journal = {Phys. Rev. Lett.},
  volume = {114},
  issue = {9},
  pages = {096101},
  numpages = {5},
  year = {2015},
  month = {Mar},
  publisher = {American Physical Society},
  doi = {10.1103/PhysRevLett.114.096101},
  url = {https://link.aps.org/doi/10.1103/PhysRevLett.114.096101}
}




